/home/fnaufel/Documents/OrgFiles/bibliography.bib